@article {stillwell3Mnflds,
author = "John Stillwell",
title = "Poincare and the Early History of 3-Manifolds",
year = "2012",
journal = "Bulletin of the American Mathematical Society"
}

